@MISC{javacup,
   note = "http://www.cs.princeton.edu/\textasciitilde appel/modern/java/CUP/"
   }

@MISC{jflex,
   note = "http://www.jflex.de"
   }

@MISC{ant,
   note = "http://ant.apache.org/"
   }

@MISC{git,
   note = "http://git-scm.com/"
   }

@MISC{github,
   note = "http://github.com/volrath/zinara/"
   }